:20:TESTSTATEMENT
:25:TESTBANK/123456789
:28C:00001/001
:60F:C230515EUR5000,00
:61:2305160516DR250,00NTRFPAYMENT1//REF001
:86:Payment to Vendor ABC for Invoice 1001
:61:2305170517CR1500,00NTRFDEPOSIT1//REF002
:86:Customer payment received - Order 5001
:61:2305180518DR75,50NTRFFEE001//REF003
:86:Monthly service fee
:62F:C230518EUR6174,50
-
